<?xml version="1.0" encoding="UTF-8"?><collection xmlns="http://www.loc.gov/MARC21/slim"><record><leader>00598nam--2200193-u-4500</leader><controlfield tag="001">000056918</controlfield><controlfield tag="002">20200917</controlfield><controlfield tag="005">20200917014208</controlfield><controlfield tag="008">200917s1000------------r-----000-0-eng-d</controlfield><datafield ind1=" " ind2=" " tag="040"><subfield code="a">IFIN-HH</subfield></datafield><datafield ind1=" " ind2=" " tag="041"><subfield code="a">eng</subfield></datafield><datafield ind1="1" ind2=" " tag="100"><subfield code="a">Regan, P</subfield></datafield><datafield ind1="1" ind2="0" tag="245"><subfield code="a">NUSTAR 2005. International Conference on the interface between NUclear STructure, Astrophysics and Reactions</subfield><subfield code="c">P Regan; P. Stevenson (Eds.)</subfield></datafield><datafield ind1=" " ind2=" " tag="260"><subfield code="b">Institute of Physics Publishing</subfield><subfield code="c">2005</subfield></datafield><datafield ind1=" " ind2=" " tag="300"><subfield code="a">pag. dif</subfield></datafield><datafield ind1=" " ind2=" " tag="500"><subfield code="a">Donatoe Acad. Nicolae Victor Zamfir</subfield></datafield><datafield ind1="1" ind2=" " tag="700"><subfield code="a">Stevenson, P</subfield></datafield><datafield ind1=" " ind2=" " tag="852"><subfield code="a">82850</subfield><subfield code="c">NVZ</subfield></datafield><datafield ind1=" " ind2=" " tag="CAT"><subfield code="a">SYS</subfield><subfield code="c">20200917</subfield><subfield code="h">014208</subfield></datafield></record></collection>